@InProceedings{arceda2017deteccion,
  title={Detecci{\'o}n en tiempo real de acciones violentas en secuencias de video con Vif y Horn-Schunck},
  author={Arceda, Machaca and Enrique, Vicente},
  year={2017},
  publisher={Universidad Nacional de San Agust{\'\i}n de Arequipa}
}

@InProceedings{En2017,
author = {En, Violentas and Video, Secuencias D E and Vif, C O N},

mendeley-groups = {inaigem},
title = {{DETECCI{\'{O}}N EN TIEMPO REAL DE ACCIONES Resumen Agradecimientos}},
year = {2017}
}


